<record xmlns="http://www.loc.gov/MARC21/slim" xmlns:xsi="http://www.w3.org/2001/XMLSchema-instance" xsi:schemaLocation="http://www.loc.gov/MARC21/slim http://www.loc.gov/standards/marcxml/schema/MARC21slim.xsd"><leader>     nam a22        4500</leader><controlfield tag="001">3071359</controlfield><controlfield tag="003">NNC</controlfield><controlfield tag="006">m        d        </controlfield><controlfield tag="007">cr cn |||m|||a</controlfield><controlfield tag="008">150316s1908    ua      o     000 0 arard</controlfield><datafield ind1=" " ind2=" " tag="040"><subfield code="a">NNU</subfield><subfield code="b">eng</subfield><subfield code="e">rda</subfield><subfield code="c">NNU</subfield></datafield><datafield ind1=" " ind2=" " tag="090"><subfield code="a">BP188</subfield><subfield code="b">.I45 1908</subfield></datafield><datafield ind1="0" ind2=" " tag="100"><subfield code="6">880-01</subfield><subfield code="a">Ikhtiya&#772;r al-Di&#772;n ibn Ghiya&#772;th al-Di&#772;n,</subfield><subfield code="d">-1521 or 1522.</subfield></datafield><datafield ind1="1" ind2="0" tag="240"><subfield code="6">880-02</subfield><subfield code="a">Asa&#772;s al-iqtiba&#772;s</subfield></datafield><datafield ind1="1" ind2="0" tag="245"><subfield code="6">880-03</subfield><subfield code="a">Kita&#772;b Asa&#772;s al-iqtiba&#772;s /</subfield><subfield code="c">jam&#699; Ikhtiya&#772;r al-Di&#772;n ibn Sayyid Ghiya&#772;th al-Di&#772;n al-H&#803;usayni&#772;.</subfield></datafield><datafield ind1=" " ind2=" " tag="260"><subfield code="6">880-04</subfield><subfield code="a">T&#803;ant&#803;a&#772; :</subfield><subfield code="b">Mus&#803;t&#803;afa&#769; Sayyid Ah&#803;mad Ta&#772;j al-Kutubi&#772;,</subfield><subfield code="c">1326 [1908]</subfield><subfield code="e">(Mis&#803;r :</subfield><subfield code="f">Mat&#803;ba&#699;at al-Sa&#699;a&#772;dah)</subfield></datafield><datafield ind1=" " ind2=" " tag="300"><subfield code="a">online resource (173 pages)</subfield></datafield><datafield ind1=" " ind2=" " tag="336"><subfield code="a">text</subfield><subfield code="2">rdacontent</subfield></datafield><datafield ind1=" " ind2=" " tag="337"><subfield code="a">computer</subfield><subfield code="2">rdamedia</subfield></datafield><datafield ind1=" " ind2=" " tag="338"><subfield code="a">online resource</subfield><subfield code="2">rdacarrier</subfield></datafield><datafield ind1=" " ind2=" " tag="500"><subfield code="a">Part of the Arabic Collections Online (ACO) project, contributed by Columbia University Libraries.</subfield></datafield><datafield ind1=" " ind2=" " tag="533"><subfield code="a">Electronic reproduction.</subfield><subfield code="b">New York, N.Y. :</subfield><subfield code="c">New York University,</subfield><subfield code="d">2015.</subfield><subfield code="5">NNU</subfield></datafield><datafield ind1=" " ind2="0" tag="650"><subfield code="a">Religious life</subfield><subfield code="x">Islam.</subfield></datafield><datafield ind1=" " ind2="0" tag="650"><subfield code="a">Islamic ethics.</subfield></datafield><datafield ind1=" " ind2="7" tag="650"><subfield code="a">Islamic ethics.</subfield><subfield code="2">fast</subfield><subfield code="0">(OCoLC)fst00979936</subfield></datafield><datafield ind1=" " ind2="7" tag="650"><subfield code="a">Religious life</subfield><subfield code="x">Islam.</subfield><subfield code="2">fast</subfield><subfield code="0">(OCoLC)fst01094119</subfield></datafield><datafield ind1="2" ind2=" " tag="710"><subfield code="a">Columbia University.</subfield><subfield code="b">Libraries.</subfield></datafield><datafield ind1="0" ind2=" " tag="730"><subfield code="a">Arabic Collections Online.</subfield></datafield><datafield ind1="0" ind2="8" tag="776"><subfield code="i">Print version:</subfield><subfield code="a">Ikhtiya&#772;r al-Di&#772;n ibn Ghiya&#772;th al-Di&#772;n, -1521 or 1522.</subfield><subfield code="t">Kita&#772;b Asa&#772;s al-iqtiba&#772;s</subfield><subfield code="w">(NNC)3071359</subfield><subfield code="w">(OCoLC)34536328</subfield></datafield><datafield ind1="4" ind2="0" tag="856"><subfield code="u">http://hdl.handle.net/2333.1/v15dv6dj</subfield></datafield><datafield ind1="0" ind2=" " tag="880"><subfield code="6">100-01/r</subfield><subfield code="a">&#1575;&#1582;&#1578;&#1610;&#1575;&#1585; &#1575;&#1604;&#1583;&#1610;&#1606; &#1576;&#1606; &#1594;&#1610;&#1575;&#1579; &#1575;&#1604;&#1583;&#1610;&#1606;.</subfield></datafield><datafield ind1="1" ind2="0" tag="880"><subfield code="6">240-02/r</subfield><subfield code="a">&#1575;&#1587;&#1575;&#1587; &#1575;&#1604;&#1575;&#1602;&#1578;&#1576;&#1575;&#1587;</subfield></datafield><datafield ind1="1" ind2="0" tag="880"><subfield code="6">245-03/r</subfield><subfield code="a">&#1603;&#1578;&#1575;&#1576; &#1575;&#1587;&#1575;&#1587; &#1575;&#1604;&#1575;&#1602;&#1578;&#1576;&#1575;&#1587; /</subfield><subfield code="c">&#1580;&#1605;&#1593; &#1575;&#1582;&#1578;&#1610;&#1575;&#1585; &#1575;&#1604;&#1583;&#1610;&#1606; &#1576;&#1606; &#1587;&#1610;&#1583; &#1594;&#1610;&#1575;&#1579; &#1575;&#1604;&#1583;&#1610;&#1606; &#1575;&#1604;&#1581;&#1587;&#1610;&#1606;&#1610;.</subfield></datafield><datafield ind1=" " ind2=" " tag="880"><subfield code="6">260-04/r</subfield><subfield code="a">&#1591;&#1606;&#1591;&#1575; :</subfield><subfield code="b">&#1605;&#1589;&#1591;&#1601;&#1609; &#1587;&#1610;&#1583; &#1575;&#1581;&#1605;&#1583; &#1578;&#1575;&#1580; &#1575;&#1604;&#1603;&#1578;&#1576;&#1610;&#1548;</subfield><subfield code="c">1326 [1908]</subfield><subfield code="e">(&#1605;&#1589;&#1585; :</subfield><subfield code="f">&#1605;&#1591;&#1576;&#1593;&#1577; &#1575;&#1604;&#1587;&#1593;&#1575;&#1583;&#1607;)</subfield></datafield><datafield ind1=" " ind2=" " tag="959"><subfield code="a">NNU</subfield><subfield code="b">WEB</subfield><subfield code="c">GENI</subfield><subfield code="t">0</subfield><subfield code="m">Electronic access</subfield><subfield code="s">01</subfield></datafield><datafield ind1=" " ind2=" " tag="999"><subfield code="i">NNC_3071359</subfield><subfield code="o">(OCoLC)ocm34536328 </subfield><subfield code="s">columbia_aco000352</subfield></datafield></record>